<record><leader>00000cas a22000007a 4500</leader><controlfield tag="001">23858499</controlfield><controlfield tag="008">910530d19471956ncucr ne      0    0eng d</controlfield><datafield ind1=" " ind2=" " tag="010"><subfield code="a">sn 91068201 </subfield></datafield><datafield ind1=" " ind2=" " tag="040"><subfield code="a">NVJ</subfield><subfield code="b">eng</subfield><subfield code="c">NVJ</subfield><subfield code="d">OCLCQ</subfield></datafield><datafield ind1=" " ind2=" " tag="042"><subfield code="a">msc</subfield></datafield><datafield ind1="0" ind2=" " tag="130"><subfield code="a">Albemarle enterprise (Albemarle, N.C. : 1947)</subfield></datafield><datafield ind1="1" ind2="4" tag="245"><subfield code="a">The Albemarle enterprise.</subfield></datafield><datafield ind1=" " ind2=" " tag="260"><subfield code="a">Albemarle, N.C. :</subfield><subfield code="b">Charles A. Reap</subfield></datafield><datafield ind1=" " ind2=" " tag="300"><subfield code="a">v.</subfield></datafield><datafield ind1=" " ind2=" " tag="310"><subfield code="a">Weekly,</subfield><subfield code="b">&lt;Nov. 12, 1953&gt;-Mar. 1, 1956</subfield></datafield><datafield ind1=" " ind2=" " tag="321"><subfield code="a">Weekly,</subfield><subfield code="b">June 5, 1947-&lt;Aug. 31, 1950&gt;</subfield></datafield><datafield ind1=" " ind2=" " tag="321"><subfield code="a">Semiweekly,</subfield><subfield code="b">&lt;Nov. 9, 1950&gt;-&lt;Oct. 29, 1953&gt;</subfield></datafield><datafield ind1="0" ind2=" " tag="362"><subfield code="a">Vol. 1, no. 1 (June 5, 1947)-v. 9, no. 35 (Mar. 1, 1956).</subfield></datafield><datafield ind1=" " ind2=" " tag="752"><subfield code="a">United States</subfield><subfield code="b">North Carolina</subfield><subfield code="c">Stanly</subfield><subfield code="d">Albemarle.</subfield></datafield><datafield ind1="0" ind2="0" tag="785"><subfield code="t">Stanly citizen</subfield><subfield code="w">(DLC)sn 92073093</subfield></datafield></record>